<record><leader>00000cas a22000007a 4500</leader><controlfield tag="001">30698055</controlfield><controlfield tag="008">940701d189919uuokuwr ne      0    0eng d</controlfield><datafield ind1=" " ind2=" " tag="010"><subfield code="a">sn 94058888 </subfield></datafield><datafield ind1=" " ind2=" " tag="040"><subfield code="a">OBN</subfield><subfield code="b">eng</subfield><subfield code="c">OBN</subfield><subfield code="d">OCL</subfield><subfield code="d">OCLCQ</subfield><subfield code="d">OCLCO</subfield></datafield><datafield ind1="1" ind2=" " tag="029"><subfield code="a">AU@</subfield><subfield code="b">000022803395</subfield></datafield><datafield ind1=" " ind2=" " tag="042"><subfield code="a">msc</subfield></datafield><datafield ind1=" " ind2=" " tag="043"><subfield code="a">n-us-ok</subfield></datafield><datafield ind1="0" ind2="4" tag="245"><subfield code="a">The Sugden leader.</subfield></datafield><datafield ind1=" " ind2=" " tag="260"><subfield code="a">Sugden, Chickasaw Nation, Indian Territory [Okla.] :</subfield><subfield code="b">Leader Pub. Co.</subfield></datafield><datafield ind1=" " ind2=" " tag="300"><subfield code="a">v.</subfield></datafield><datafield ind1=" " ind2=" " tag="310"><subfield code="a">Weekly</subfield></datafield><datafield ind1="1" ind2=" " tag="362"><subfield code="a">Began in 1899.</subfield></datafield><datafield ind1=" " ind2=" " tag="588"><subfield code="a">Description based on: Vol. 5, no. 48 (Sept. 17, 1904).</subfield></datafield><datafield ind1=" " ind2="0" tag="651"><subfield code="a">Sugden (Okla.)</subfield><subfield code="v">Newspapers.</subfield></datafield><datafield ind1=" " ind2="0" tag="651"><subfield code="a">Jefferson County (Okla.)</subfield><subfield code="v">Newspapers.</subfield></datafield><datafield ind1=" " ind2="0" tag="651"><subfield code="a">Chickasaw Nation (Okla.)</subfield><subfield code="v">Newspapers.</subfield></datafield><datafield ind1=" " ind2="0" tag="651"><subfield code="a">Indian Territory</subfield><subfield code="v">Newspapers.</subfield></datafield><datafield ind1=" " ind2=" " tag="752"><subfield code="a">United States</subfield><subfield code="b">Oklahoma</subfield><subfield code="c">Jefferson</subfield><subfield code="d">Sugden.</subfield></datafield><datafield ind1="0" ind2="0" tag="780"><subfield code="t">Ryan record</subfield><subfield code="w">(DLC)sn 94058892</subfield><subfield code="w">(OCoLC)30710320</subfield></datafield><datafield ind1="0" ind2="0" tag="785"><subfield code="t">New State leader</subfield><subfield code="w">(DLC)sn 94058893</subfield><subfield code="w">(OCoLC)30710436</subfield></datafield></record>